@article{narad2021ampspace,
  title = {Amp-Space: A Large-scale Dataset for Fine-grained Timbre Transformation},
  author = {Naradowsky, Jason},
  journal = {Proceedings of the 24th International Conference on Digital Audio Effects (DAFx-21), Vienna, Austria},
  year = {2021}
}