@article{ec-attention,
    title = {Emergent Communication with Attention},
    author = {Ri, Ryokan and Ueda, Ryo and Naradowsky, Jason},
    journal = {Proceedings of the 45th Cognitive Science Society (CogSci), Sydney, Australia},
    year = {2023}
}