@InProceedings{bosnjak:NAMPI:2016,
author = {Bo\v{s}njak, Matko and Rockt{\"a}schel, Tim and Naradowsky, Jason and Riedel, Sebastian},
title = {A Neural Forth Abstract Machine},
booktitle={Neural Abstract Machines \& Program Induction (NAMPI)},
year = {2016},
address = {Barcelona}
}