@inproceedings{bosnjak2016programming,
  author    = {Matko Bosnjak and
               Tim Rockt{\"{a}}schel and 
			   Jason Naradowsky and
			   Sebastian Riedel},
  title     = {Programming with a Differentiable Forth Interpreter}, 
  booktitle = {International Conference on Machine Learning (ICML)},
  year      = {2017},
  url       = {http://arxiv.org/abs/1605.06640},
  timestamp = {Wed, 01 Jun 2016 15:51:08 +0200},
  biburl    = {http://dblp.uni-trier.de/rec/bib/journals/corr/RiedelBR16},
  bibsource = {dblp computer science bibliography, http://dblp.org}  
}
