@inproceedings{rudinger:naacl2018,
author = {Rachel Rudinger and Jason Naradowsky and Brian Leonard and Benjamin Van Durme},
title = {Gender Bias in Coreference Resolution}, 
booktitle = {NAACL}, 
year = {2018},
}