@InProceedings{poliak:starsem2017,
  author = {Adam Poliak and Jason Naradowsky and Aparajita Haldar and Rachel Rudinger and Benjamin Van Durme},
  title = {Hypothesis Only Baselines in Natural Language Inference},
  booktitle = {Proceedings of the 7th Joint Conference on Lexical and Computational Semantics, *SEM s2018},
  publisher = {Association for Computational Linguistics},
  address = {New Orleans, Louisiana},
  day = {5-6},
  month = {June},
  year = {2018},
}