@inproceedings{jhu:chime2018,
  author = {Naoyuki Kanda and Rintaro Ikeshita and Shota Horiguchi and Yusuke Fujita and Kenji Nagamatsu (Hitachi and Ltd) and Xiaofei Wang and Vimal Manohar and Nelson Enrique Yalta Soplin and Matthew Maciejewski and Szu-Jui Chen and Aswin Shanmugam Subramanian and Ruizhi Li and Zhiqi Wang and Jason Naradowsky and L. Paola Garcia-Perera and Gregory Sell},
  title = {The Hitachi/JHU CHiME-5 system: Advances in speech recognition for everyday home environments using multiple microphone arrays}, 
  booktitle = {The 5th International Workshop on Speech Processing in Everyday Environments (CHiME)}, 
  year = {2018},
}