@InProceedings{language-world-models:2019,
author = {Alexander Cowen-Rivers and Jason Naradowsky},
title = {Emergent Communication with World Models},
booktitle={3rd NeurIPS Workshop on Emergent Communication (EmeCom)},
year = {2019},
address = {Vancouver}
}