@inproceedings={meta-tasnet:2020,
    title={Meta-learning Extractors for Music Source Separation},
    author={David Samuel and Aditya Ganeshan and Jason Naradowsky},
    booktitle={IEEE International Conference on Acoustics, Speech and Signal Processing (ICASSP)},
    pages={816-820},
    year={2020},
}