@inproceedings{morph_vae:acl2018,
author = {Lawrence Wolf-Sonkin and Jason Naradowsky and Sebastian J. Mielke and Ryan Cotterell},
title = {A Structured Variational Autoencoder for Contextual Morphological Inflection}, 
booktitle = {Association for Computational Linguistics (ACL)}, 
year = {2018},
}