@MastersThesis{narad2011masters,
	school	= {University of Massachusetts},
	year	= {2011},
	author	= {Jason Naradowsky},
	title	= {Feature Induction for Online Constraint-based Phonology Acquisition}
}