@PhDThesis{narad:phdthesis,
    author  = {Jason Naradowsky},
    year    = {2014},
    school  = {University of Massachusetts Amherst},
    title   = {Learning with Joint Inference and Latent Linguistic Structure in Graphical Models}
}