@inproceedings{narad2012marg,
  author    = {Naradowsky, Jason and Riedel, Sebastian and Smith, David A.},
  title     = {Improving NLP through Marginalization of Hidden Syntactic Structure},
  booktitle = {Proceedings of the 2012 Joint Conference on Empirical Methods in Natural Language Processing and Computational Natural Language Learning},
  month     = {July},
  year      = {2012},
  address   = {Jeju Island, Korea},
  publisher = {Association for Computational Linguistics},
  pages     = {810--820},
  url       = {http://www.aclweb.org/anthology/D12-1074}
}
