@InProceedings{narad:icml2017,
  author = {Naradowsky, Jason and Riedel, Sebastian},
  title = {Modeling Exclusion with a Differentiable Factor Graph Constraint},
  booktitle = {Workshop on Deep Structured Prediction, International Conference on Machine Learning (ICML)},
  year = {2017}
}

