@inproceedings{mimno2009polylingual,
  author={David Mimno and Hanna Wallach and Jason Naradowsky and David A. Smith and Andrew McCallum},
  title={Polylingual Topic Models},
  booktitle={EMNLP},
  year={2009},
  url={http://www.cs.umass.edu/~mimno/papers/mimno2009polylingual.pdf},
}
