@InProceedings{gao:illumination:2018,
  author = {Zhengyan Gao and Taizan Yonetsuji and Tatsuya Takamura and Toru Matsuoka and Jason Naradowsky},
  title = {Automatic Illumination Effects for 2D Characters},
  booktitle = {Workshop on Machine Learning for Creativity and Design, Neural Information Processing Systems (NeurIPS)},
  year = {2018}
}

