@InProceedings{maekawa:found-objects:2018,
  author = {Azumi Maekawa and Ayaka Kume and Hironori Yoshida and Jun Hatori and Jason Naradowsky and Shunta Saito},
  title = {Improvised Robotic Design with Found Objects},
  booktitle = {Workshop on Machine Learning for Creativity and Design, Neural Information Processing Systems (NeurIPS)},
  year = {2018}
}

