@inproceedings{powwow,
author = {Takuma Yoneda and Matthew Walter and Jason Naradowsky
},
title = {Pow-{W}ow: A Dataset and Study on Collaborative Communication in {P}ommerman},
booktitle = {ICML Workshop on Language in Reinforcement Learning (LaReL)},
year = 2020
}