@InProceedings{narad:2012:EMNLP,
  author = {Naradowsky, Jason and Riedel, Sebastian and Smith, David},
  title = {Improving NLP through Marginalization of Hidden Syntactic Structure},
  booktitle = {Conference on Empirical Methods in Natural Language Processing (EMNLP)},
  year = {2012}
}

@InProceedings{narad-grammarless2012,
  author    = {Naradowsky, Jason and Vieira, Tim and Smith, David A.},
  title     = {Grammarless Parsing for Joint Inference},
  booktitle = {24th International Conference on Computational Linguistics (COLING)},
  address = {Mumbai, India},
  year      = {2012}
}

@InProceedings{narad:2011:ACL,
  author = {Naradowsky, Jason and Toutanova, Kristina},
  title = {Unsupervised Bilingual Morpheme Segmentation and Alignment with Context-rich Hidden Semi-Markov Models},
  booktitle = {Association for Computational Linguistics (ACL)},
  year = {2011}
}

@InProceedings{lee:2011:ACL,
  author = {Lee, John and Naradowsky, Jason and Smith, David},
  title = {A Discriminative Model for Joint Morphological Disambiguation and Dependency Parsing},
  booktitle = {Association for Computational Linguistics (ACL)},
  year = {2011}
}

@InProceedings{mimno:2009:EMNLP,
  author    = {Mimno, David and Wallach, Hanna and Naradowsky, Jason and Smith, David and McCallum, Andrew},
  title     = {Polylingual Topic Models},
  booktitle = {Conference on Empirical Methods in Natural Language Processing (EMNLP) },
  year      = {2009}
}

@InProceedings{narad:2009:IJCAI,
  author    = {Naradowsky, Jason and Goldwater, Sharon},
  title     = {Improving Morphology Induction by Learning Spelling Rules},
  booktitle = {International Joint Conference on AI (IJCAI)},
  year      = {2009},
  pages     = {1531--1537}
}

@InProceedings{staubs:2010,
author = {Naradowsky, Jason and Pater, Joe and Smith, David and Staubs, Robert},
title = {Learning hidden metrical structure with a log-linear model of grammar.},
booktitle={Computational Modelling of Sound Pattern Acquisition},
year = {2010},
pages = {59-60},
address = {Edmonton},
department = {Department of Linguistics},
university = {University of Alberta}
}
%Jason Naradowsky, Joe Pater, David Smith, and Robert Staubs. Learning hidden metrical structure with a log-linear model of grammar. In Computational Modelling of Sound Pattern Acquisition, pages 59-60, Edmonton, February 2010. Department of Linguistics, University of Alberta. 