@InProceedings{staubs:2010,
author = {Naradowsky, Jason and Pater, Joe and Smith, David and Staubs, Robert},
title = {Learning hidden metrical structure with a log-linear model of grammar.},
booktitle={Computational Modelling of Sound Pattern Acquisition},
year = {2010},
pages = {59-60},
address = {Edmonton},
department = {Department of Linguistics},
university = {University of Alberta},
}
