@InProceedings{staubs:2010,
author = {Naradowsky, Jason and Pater, Joe and Smith, David and Staubs, Robert},
title = {Learning hidden metrical structure with a log-linear model of grammar.},
booktitle={Computational Modelling of Sound Pattern Acquisition},
year = {2010},
pages = {59-60},
address = {Edmonton},
department = {Department of Linguistics},
university = {University of Alberta}
}

@InProceedings{feature-induction:2011,
author = {Naradowsky, Jason and Pater, Joe and Smith, David},
title = {Feature Induction for Online Constraint-based Phonology Acquisition.},
booktitle={The Northeast Computational Phonology Workshop (NECPhon)},
year = {2011},
address = {New Haven, Connecticut},
department = {Department of Linguistics},
university = {Yale University}
}

@InProceedings{mimno:2009:snowbird,
author = {Mimno, David and Wallach, Hanna and Yao, Limin and Naradowsky, Jason},
title = {Polylingual Topic Models},
booktitle = {The Learning Workshop (Snowbird)},
year = {2009},
address = {Clearwater, Florida}
}