@inproceedings{Naradowsky:2009:IMI:1661445.1661691,
 author = {Naradowsky, Jason and Goldwater, Sharon},
 title = {Improving morphology induction by learning spelling rules},
 booktitle = {Proceedings of the 21st international jont conference on Artifical intelligence},
 year = {2009},
 location = {Pasadena, California, USA},
 pages = {1531--1536},
 numpages = {6},
 url = {http://portal.acm.org/citation.cfm?id=1661445.1661691},
 acmid = {1661691},
 publisher = {Morgan Kaufmann Publishers Inc.},
 address = {San Francisco, CA, USA},
}