@InProceedings{lee-naradowsky-smith:2011:ACL-HLT2011,
  author    = {Lee, John  and  Naradowsky, Jason  and  Smith, David A.},
  title     = {A Discriminative Model for Joint Morphological Disambiguation and Dependency Parsing},
  booktitle = {Proceedings of the 49th Annual Meeting of the Association for Computational Linguistics: Human Language Technologies},
  month     = {June},
  year      = {2011},
  address   = {Portland, Oregon, USA},
  publisher = {Association for Computational Linguistics},
  pages     = {885--894},
  url       = {http://www.aclweb.org/anthology/P11-1089}
}