@inproceedings{naradowsky-vieira-smith:2012:PAPERS,
  author    = {Naradowsky, Jason  and  Vieira, Tim  and  Smith, David},
  title     = {Grammarless Parsing for Joint Inference},
  booktitle = {Proceedings of COLING 2012},
  month     = {December},
  year      = {2012},
  address   = {Mumbai, India},
  publisher = {The COLING 2012 Organizing Committee},
  pages     = {1995--2010},
  url       = {http://www.aclweb.org/anthology/C12-1122}
}
